
@misc{rabinoff-2014-witt-vec,
      title={The Theory of Witt Vectors}, 
      author={Joseph Rabinoff},
      year={2014},
      eprint={1409.7445},
      archivePrefix={arXiv},
      primaryClass={math.NT},
      url={https://arxiv.org/abs/1409.7445}, 
}

@misc{kim-2017-witt-vec,
  title = {Witt Vectors},
  url = {https://web.stanford.edu/~dkim04/blog/witt-vectors/},
  year = {2017}
  note = {Accessed: Sept 2024},
}

@book{hazewinkel-1978-formal-groups,
  title={Formal Groups and Applications},
  author={Hazewinkel, M.},
  isbn={9780080873947},
  series={ISSN},
  url={https://books.google.com/books?id=ZuAaMhSMEEkC},
  year={1978},
  publisher={Elsevier Science}
}

@misc{kedlaya-2021-prismatic,
	title = {Notes on prismatic cohomology},
	author = {Kedlaya, Kiran S.},
	year = {2021},
	url = {https://kskedlaya.org/prismatic/prismatic.html}
	note = {Accessed: Sept 2024},
}

@book{schneider-2017-galois-rep-phi-gamma, 
	place={Cambridge}, 
	series={Cambridge Studies in Advanced Mathematics}, 
	title={Galois Representations and (Phi, Gamma)-Modules}, 
	publisher={Cambridge University Press}, 
	author={Schneider, Peter}, 
	year={2017}, 
	collection={Cambridge Studies in Advanced Mathematics}
}
